<record><leader>00000cas a22000007a 4500</leader><controlfield tag="001">20120001</controlfield><controlfield tag="008">890803d18901894arudn ne      0    0eng d</controlfield><datafield ind1=" " ind2=" " tag="010"><subfield code="a">sn 89051301 </subfield></datafield><datafield ind1=" " ind2=" " tag="040"><subfield code="a">ANU</subfield><subfield code="b">eng</subfield><subfield code="c">ANU</subfield><subfield code="d">OCLCQ</subfield><subfield code="d">OCLCF</subfield><subfield code="d">OCLCO</subfield></datafield><datafield ind1=" " ind2=" " tag="042"><subfield code="a">msc</subfield></datafield><datafield ind1=" " ind2=" " tag="043"><subfield code="a">n-us-ar</subfield></datafield><datafield ind1="0" ind2="0" tag="245"><subfield code="a">Daily Texarkana Democrat.</subfield></datafield><datafield ind1="3" ind2="0" tag="246"><subfield code="a">Texarkana daily Democrat</subfield></datafield><datafield ind1=" " ind2=" " tag="260"><subfield code="a">Texarkana, Ark. :</subfield><subfield code="b">J.W. Gardner</subfield></datafield><datafield ind1=" " ind2=" " tag="300"><subfield code="a">v.</subfield></datafield><datafield ind1=" " ind2=" " tag="310"><subfield code="a">Daily (except Sunday)</subfield></datafield><datafield ind1="1" ind2=" " tag="362"><subfield code="a">Began in 1890?</subfield></datafield><datafield ind1="0" ind2=" " tag="362"><subfield code="a">-v. 10, no. 134 (Feb. 1, 1894).</subfield></datafield><datafield ind1=" " ind2=" " tag="500"><subfield code="a">Published as: Texarkana daily Democrat, Sept. 19, 1892-June 17, 1893.</subfield></datafield><datafield ind1=" " ind2=" " tag="580"><subfield code="a">Other ed.: Weekly Texarkana Democrat (non-extant).</subfield></datafield><datafield ind1=" " ind2=" " tag="588"><subfield code="a">Description based on: Vol. 8, no. 296 (July 18, 1892).</subfield></datafield><datafield ind1=" " ind2="0" tag="651"><subfield code="a">Texarkana (Ark.)</subfield><subfield code="v">Newspapers.</subfield></datafield><datafield ind1=" " ind2="7" tag="655"><subfield code="a">Newspapers.</subfield><subfield code="2">fast</subfield><subfield code="0">(OCoLC)fst01423814</subfield></datafield><datafield ind1=" " ind2="7" tag="651"><subfield code="a">Arkansas</subfield><subfield code="z">Texarkana.</subfield><subfield code="2">fast</subfield><subfield code="0">(OCoLC)fst01216853</subfield></datafield><datafield ind1=" " ind2=" " tag="752"><subfield code="a">United States</subfield><subfield code="b">Arkansas</subfield><subfield code="c">Miller</subfield><subfield code="d">Texarkana.</subfield></datafield><datafield ind1="1" ind2=" " tag="775"><subfield code="t">Weekly Texarkana Democrat</subfield></datafield><datafield ind1="0" ind2="0" tag="780"><subfield code="t">Daily Texarkana independent</subfield><subfield code="w">(DLC)sn 87091098</subfield></datafield><datafield ind1="0" ind2="0" tag="785"><subfield code="t">Daily Texarkanian (Texarkana, Ark. : 1894)</subfield><subfield code="w">(DLC)sn 86090500</subfield></datafield></record>